<?xml version="1.0" encoding="UTF-8"?><collection xmlns="http://www.loc.gov/MARC21/slim"><record><leader>00665nam--2200193-i-4500</leader><controlfield tag="001">000015453</controlfield><controlfield tag="002">20161230</controlfield><controlfield tag="005">20161230201031</controlfield><controlfield tag="008">060222s1000------------r-----000-0-eng-d</controlfield><datafield ind1=" " ind2=" " tag="040"><subfield code="a">IFIN-HH</subfield></datafield><datafield ind1=" " ind2=" " tag="080"><subfield code="a">539.172.3:539.2</subfield></datafield><datafield ind1="1" ind2=" " tag="100"><subfield code="a">Thosar, B.V./S.A.</subfield></datafield><datafield ind1="1" ind2="0" tag="245"><subfield code="a">Advances in mossbauer spectroscopy.applications to physics, chemistry and biology</subfield><subfield code="c">B.v. thosar, p.k. iyengar, j.k. srivastava, s.c. bhargava (eds.)</subfield></datafield><datafield ind1=" " ind2=" " tag="260"><subfield code="a">Amsterdam</subfield><subfield code="b">Elsevier Scientific Publishing Company</subfield><subfield code="c">1983</subfield></datafield><datafield ind1=" " ind2=" " tag="300"><subfield code="a">XXIV +924 P</subfield></datafield><datafield ind1=" " ind2=" " tag="490"><subfield code="a">Studies In Physical And Theoretical Chemistry 25</subfield></datafield><datafield ind1="1" ind2=" " tag="700"><subfield code="a">Bhargava, S.C</subfield></datafield><datafield ind1=" " ind2=" " tag="852"><subfield code="a">47052</subfield><subfield code="c">541.1</subfield></datafield><datafield ind1=" " ind2=" " tag="CAT"><subfield code="a">Sys</subfield><subfield code="c">20140207</subfield><subfield code="h">121111</subfield></datafield></record></collection>